{"time":"2022-04-09T11:07:06.044737+00:00","size":0.0235,"side":"buy","price":42460},{"time":"2022-04-09T11:07:06.894560+00:00","size":0.0235,"side":"buy","price":42460},{"time":"2022-04-09T11:07:07.578913+00:00","size":0.0235,"side":"buy","price":42460},{"time":"2022-04-09T11:07:08.282048+00:00","size":0.0235,"side":"buy","price":42460},{"time":"2022-04-09T11:07:08.956310+00:00","size":0.0235,"side":"buy","price":42460},{"time":"2022-04-09T11:07:09.690170+00:00","size":0.0235,"side":"buy","price":42460},{"time":"2022-04-09T11:07:10.353464+00:00","size":0.0235,"side":"buy","price":42460},{"time":"2022-04-09T11:07:11.060692+00:00","size":0.0235,"side":"buy","price":42460},{"time":"2022-04-09T11:07:11.710842+00:00","size":0.0025,"side":"buy","price":42460},{"time":"2022-04-09T11:07:12.621353+00:00","size":0.0235,"side":"buy","price":42460},{"time":"2022-04-09T11:07:13.351505+00:00","size":0.0235,"side":"buy","price":42460},{"time":"2022-04-09T11:07:14.189488+00:00","size":0.0235,"side":"buy","price":42460},{"time":"2022-04-09T11:07:15.109617+00:00","size":0.0235,"side":"buy","price":42460},{"time":"2022-04-09T11:07:16.108909+00:00","size":0.0235,"side":"buy","price":42460},{"time":"2022-04-09T11:07:16.785111+00:00","size":0.0235,"side":"buy","price":42460},{"time":"2022-04-09T11:07:17.610069+00:00","size":0.0235,"side":"buy","price":42460},{"time":"2022-04-09T11:07:18.364594+00:00","size":0.0235,"side":"buy","price":42460},{"time":"2022-04-09T11:07:19.939547+00:00","size":0.0235,"side":"buy","price":42460},{"time":"2022-04-09T11:07:20.767394+00:00","size":0.0235,"side":"buy","price":42460},{"time":"2022-04-09T11:07:21.498197+00:00","size":0.007,"side":"buy","price":42460},{"time":"2022-04-09T11:07:22.193798+00:00","size":0.0235,"side":"buy","price":42460},{"time":"2022-04-09T11:07:22.866931+00:00","size":0.0235,"side":"buy","price":42462},{"time":"2022-04-09T11:07:23.675760+00:00","size":0.001,"side":"buy","price":42462},{"time":"2022-04-09T11:07:24.329798+00:00","size":0.0235,"side":"buy","price":42464},{"time":"2022-04-09T11:07:25.055167+00:00","size":0.0235,"side":"buy","price":42464},{"time":"2022-04-09T11:07:25.704454+00:00","size":0.0235,"side":"buy","price":42464},{"time":"2022-04-09T11:07:26.355970+00:00","size":0.0235,"side":"buy","price":42464},{"time":"2022-04-09T11:07:26.706910+00:00","size":0.001,"side":"sell","price":42463},{"time":"2022-04-09T11:07:26.915249+00:00","size":0.001,"side":"sell","price":42459},{"time":"2022-04-09T11:07:27.093919+00:00","size":0.0235,"side":"buy","price":42459},{"time":"2022-04-09T11:07:27.778419+00:00","size":0.0235,"side":"buy","price":42459},{"time":"2022-04-09T11:07:28.531385+00:00","size":0.0235,"side":"buy","price":42459},{"time":"2022-04-09T11:07:29.838416+00:00","size":0.0235,"side":"buy","price":42459},{"time":"2022-04-09T11:07:30.569091+00:00","size":0.0235,"side":"buy","price":42459},{"time":"2022-04-09T11:07:31.375838+00:00","size":0.0235,"side":"buy","price":42459},{"time":"2022-04-09T11:07:32.051588+00:00","size":0.0235,"side":"buy","price":42459},{"time":"2022-04-09T11:07:32.767686+00:00","size":0.0235,"side":"buy","price":42459},{"time":"2022-04-09T11:07:33.423910+00:00","size":0.0235,"side":"buy","price":42459},{"time":"2022-04-09T11:07:34.100598+00:00","size":0.0235,"side":"buy","price":42459},{"time":"2022-04-09T11:07:34.783762+00:00","size":0.0235,"side":"buy","price":42459},{"time":"2022-04-09T11:07:35.542387+00:00","size":0.0235,"side":"buy","price":42459},{"time":"2022-04-09T11:07:36.861790+00:00","size":0.0235,"side":"buy","price":42459},{"time":"2022-04-09T11:07:37.555084+00:00","size":0.0235,"side":"buy","price":42459},{"time":"2022-04-09T11:07:38.879031+00:00","size":0.0235,"side":"buy","price":42459},{"time":"2022-04-09T11:07:40.463435+00:00","size":0.0025,"side":"buy","price":42459},{"time":"2022-04-09T11:07:41.140646+00:00","size":0.0235,"side":"buy","price":42459},{"time":"2022-04-09T11:07:41.807034+00:00","size":0.0235,"side":"buy","price":42459},{"time":"2022-04-09T11:07:42.485875+00:00","size":0.0235,"side":"buy","price":42459},{"time":"2022-04-09T11:07:42.960832+00:00","size":0.0012,"side":"buy","price":42459},{"time":"2022-04-09T11:07:43.187763+00:00","size":0.0235,"side":"buy","price":42459},{"time":"2022-04-09T11:07:43.434987+00:00","size":0.0363,"side":"sell","price":42458},{"time":"2022-04-09T11:07:43.889072+00:00","size":0.0135,"side":"buy","price":42459},{"time":"2022-04-09T11:07:44.573018+00:00","size":0.0235,"side":"buy","price":42459},{"time":"2022-04-09T11:07:46.010000+00:00","size":0.0235,"side":"buy","price":42459},{"time":"2022-04-09T11:07:46.047159+00:00","size":0.1614,"side":"sell","price":42458},{"time":"2022-04-09T11:07:46.076880+00:00","size":0.0035,"side":"sell","price":42458},{"time":"2022-04-09T11:07:46.106707+00:00","size":0.3298,"side":"sell","price":42458},{"time":"2022-04-09T11:07:46.558321+00:00","size":1.3327,"side":"sell","price":42458},{"time":"2022-04-09T11:07:46.635842+00:00","size":0.1881,"side":"sell","price":42458},{"time":"2022-04-09T11:07:46.686340+00:00","size":0.1888,"side":"sell","price":42457},{"time":"2022-04-09T11:07:46.721758+00:00","size":0.0235,"side":"buy","price":42458},{"time":"2022-04-09T11:07:46.906791+00:00","size":1,"side":"buy","price":42456},{"time":"2022-04-09T11:07:47.452780+00:00","size":0.1,"side":"sell","price":42455},{"time":"2022-04-09T11:07:48.136967+00:00","size":0.0235,"side":"buy","price":42454},{"time":"2022-04-09T11:07:49.567272+00:00","size":0.0235,"side":"buy","price":42454},{"time":"2022-04-09T11:07:50.379475+00:00","size":0.0235,"side":"buy","price":42454},{"time":"2022-04-09T11:07:51.193628+00:00","size":0.0235,"side":"buy","price":42454},{"time":"2022-04-09T11:07:52.681569+00:00","size":0.0235,"side":"buy","price":42454},{"time":"2022-04-09T11:07:53.311186+00:00","size":0.0235,"side":"buy","price":42454},{"time":"2022-04-09T11:07:53.960458+00:00","size":0.0104,"side":"buy","price":42454},{"time":"2022-04-09T11:07:54.622019+00:00","size":0.0235,"side":"buy","price":42454},{"time":"2022-04-09T11:07:55.311860+00:00","size":0.0235,"side":"buy","price":42454},{"time":"2022-04-09T11:07:56.058558+00:00","size":0.0235,"side":"buy","price":42454},{"time":"2022-04-09T11:07:56.527745+00:00","size":0.01,"side":"buy","price":42454},{"time":"2022-04-09T11:07:56.740611+00:00","size":0.007,"side":"buy","price":42455},{"time":"2022-04-09T11:07:56.821500+00:00","size":0.3,"side":"buy","price":42459},{"time":"2022-04-09T11:07:58.103311+00:00","size":0.0235,"side":"buy","price":42459},{"time":"2022-04-09T11:07:58.906695+00:00","size":0.0039,"side":"buy","price":42459},{"time":"2022-04-09T11:07:59.584379+00:00","size":0.0235,"side":"buy","price":42464},{"time":"2022-04-09T11:08:00.329388+00:00","size":0.001,"side":"sell","price":42463},{"time":"2022-04-09T11:08:00.753861+00:00","size":0.0235,"side":"buy","price":42464},{"time":"2022-04-09T11:08:01.534213+00:00","size":0.0195,"side":"buy","price":42464},{"time":"2022-04-09T11:08:02.897723+00:00","size":0.0235,"side":"buy","price":42464},{"time":"2022-04-09T11:08:03.332821+00:00","size":0.001,"side":"buy","price":42464},{"time":"2022-04-09T11:08:03.759529+00:00","size":0.0235,"side":"buy","price":42464},{"time":"2022-04-09T11:08:05.208159+00:00","size":0.0235,"side":"buy","price":42464},{"time":"2022-04-09T11:08:05.885607+00:00","size":0.0235,"side":"buy","price":42464},{"time":"2022-04-09T11:08:07.233453+00:00","size":0.0235,"side":"buy","price":42464},{"time":"2022-04-09T11:08:07.865682+00:00","size":0.0235,"side":"buy","price":42464},{"time":"2022-04-09T11:08:09.257090+00:00","size":0.0235,"side":"buy","price":42464},{"time":"2022-04-09T11:08:09.357876+00:00","size":0.001,"side":"sell","price":42463},{"time":"2022-04-09T11:08:09.935099+00:00","size":0.0235,"side":"buy","price":42464},{"time":"2022-04-09T11:08:10.731477+00:00","size":0.0235,"side":"buy","price":42464},{"time":"2022-04-09T11:08:12.081626+00:00","size":0.0235,"side":"buy","price":42464},{"time":"2022-04-09T11:08:13.383303+00:00","size":0.0235,"side":"buy","price":42464},{"time":"2022-04-09T11:08:14.194196+00:00","size":0.0142,"side":"buy","price":42464},{"time":"2022-04-09T11:08:14.917111+00:00","size":0.0074,"side":"buy","price":42464},{"time":"2022-04-09T11:08:15.801641+00:00","size":0.0235,"side":"buy","price":42464},{"time":"2022-04-09T11:08:16.534717+00:00","size":0.0235,"side":"buy","price":42464},{"time":"2022-04-09T11:08:16.562134+00:00","size":0.0235,"side":"buy","price":42464},{"time":"2022-04-09T11:08:17.227461+00:00","size":0.0235,"side":"buy","price":42464},{"time":"2022-04-09T11:08:19.140305+00:00","size":0.3119,"side":"sell","price":42463},{"time":"2022-04-09T11:08:20.084633+00:00","size":0.0039,"side":"buy","price":42460},{"time":"2022-04-09T11:08:20.139447+00:00","size":0.0029,"side":"sell","price":42459},{"time":"2022-04-09T11:08:20.724453+00:00","size":0.0235,"side":"buy","price":42460},{"time":"2022-04-09T11:08:23.110165+00:00","size":0.0235,"side":"buy","price":42460},{"time":"2022-04-09T11:08:23.935025+00:00","size":0.0235,"side":"buy","price":42460},{"time":"2022-04-09T11:08:25.450565+00:00","size":0.0111,"side":"buy","price":42460},{"time":"2022-04-09T11:08:26.149848+00:00","size":0.0235,"side":"buy","price":42460},{"time":"2022-04-09T11:08:28.264548+00:00","size":0.0149,"side":"buy","price":42460},{"time":"2022-04-09T11:08:31.995127+00:00","size":0.001,"side":"sell","price":42459},{"time":"2022-04-09T11:08:34.264630+00:00","size":0.0043,"side":"buy","price":42456},{"time":"2022-04-09T11:09:02.421280+00:00","size":0.144,"side":"buy","price":42456},{"time":"2022-04-09T11:09:02.873952+00:00","size":0.2259,"side":"buy","price":42456},{"time":"2022-04-09T11:09:09.285689+00:00","size":0.0378,"side":"sell","price":42455},{"time":"2022-04-09T11:09:20.810149+00:00","size":0.0029,"side":"buy","price":42456},{"time":"2022-04-09T11:09:21.561998+00:00","size":0.0026,"side":"sell","price":42455},{"time":"2022-04-09T11:09:22.363396+00:00","size":0.01,"side":"sell","price":42453},{"time":"2022-04-09T11:09:22.406870+00:00","size":0.2942,"side":"sell","price":42453},{"time":"2022-04-09T11:09:22.766659+00:00","size":0.0111,"side":"sell","price":42448},{"time":"2022-04-09T11:09:23.209160+00:00","size":0.02,"side":"sell","price":42445},{"time":"2022-04-09T11:09:33.070186+00:00","size":0.2,"side":"buy","price":42442},{"time":"2022-04-09T11:09:33.396856+00:00","size":0.0158,"side":"buy","price":42446},{"time":"2022-04-09T11:09:33.846779+00:00","size":0.1842,"side":"buy","price":42446},{"time":"2022-04-09T11:09:38.300335+00:00","size":0.0016,"side":"buy","price":42450},{"time":"2022-04-09T11:09:39.409114+00:00","size":0.0159,"side":"sell","price":42452},{"time":"2022-04-09T11:09:39.567310+00:00","size":0.1196,"side":"sell","price":42449},{"time":"2022-04-09T11:09:42.549734+00:00","size":0.0126,"side":"buy","price":42443},{"time":"2022-04-09T11:09:42.679800+00:00","size":0.2,"side":"buy","price":42443},{"time":"2022-04-09T11:09:42.791434+00:00","size":0.4039,"side":"buy","price":42443},{"time":"2022-04-09T11:09:42.816465+00:00","size":0.1501,"side":"buy","price":42443},{"time":"2022-04-09T11:09:43.096467+00:00","size":0.059,"side":"buy","price":42443},{"time":"2022-04-09T11:09:43.396650+00:00","size":0.2,"side":"buy","price":42451},{"time":"2022-04-09T11:09:43.464505+00:00","size":0.2,"side":"buy","price":42451},{"time":"2022-04-09T11:09:43.497888+00:00","size":0.02,"side":"buy","price":42452},{"time":"2022-04-09T11:09:43.557904+00:00","size":0.16,"side":"buy","price":42454},{"time":"2022-04-09T11:09:43.891614+00:00","size":0.007,"side":"buy","price":42456},{"time":"2022-04-09T11:09:44.984023+00:00","size":0.001,"side":"buy","price":42461},{"time":"2022-04-09T11:09:45.673600+00:00","size":0.025,"side":"buy","price":42456},{"time":"2022-04-09T11:09:47.052523+00:00","size":0.001,"side":"sell","price":42455},{"time":"2022-04-09T11:09:52.313643+00:00","size":0.5888,"side":"sell","price":42452},{"time":"2022-04-09T11:09:52.350366+00:00","size":0.13,"side":"sell","price":42451},{"time":"2022-04-09T11:09:52.405431+00:00","size":0.02,"side":"sell","price":42447},{"time":"2022-04-09T11:09:52.879058+00:00","size":0.0001,"side":"buy","price":42446},{"time":"2022-04-09T11:10:01.068010+00:00","size":0.0003,"side":"buy","price":42446},{"time":"2022-04-09T11:10:03.522651+00:00","size":0.0378,"side":"sell","price":42445},{"time":"2022-04-09T11:10:17.431877+00:00","size":0.0009,"side":"buy","price":42446},{"time":"2022-04-09T11:10:26.703912+00:00","size":0.001,"side":"sell","price":42445},{"time":"2022-04-09T11:10:34.501891+00:00","size":0.0006,"side":"buy","price":42446},{"time":"2022-04-09T11:10:42.414256+00:00","size":0.0015,"side":"buy","price":42446},{"time":"2022-04-09T11:10:42.738129+00:00","size":0.0119,"side":"buy","price":42449},{"time":"2022-04-09T11:10:42.801162+00:00","size":0.1669,"side":"buy","price":42449},{"time":"2022-04-09T11:10:43.028459+00:00","size":0.0671,"side":"buy","price":42451},{"time":"2022-04-09T11:10:43.602132+00:00","size":0.1678,"side":"buy","price":42451},{"time":"2022-04-09T11:10:45.490015+00:00","size":0.0032,"side":"buy","price":42456},{"time":"2022-04-09T11:10:45.588648+00:00","size":0.0038,"side":"buy","price":42456},{"time":"2022-04-09T11:10:50.509819+00:00","size":0.037,"side":"sell","price":42457},{"time":"2022-04-09T11:10:53.493418+00:00","size":0.0117,"side":"buy","price":42458},{"time":"2022-04-09T11:11:01.432804+00:00","size":0.3433,"side":"buy","price":42458},{"time":"2022-04-09T11:11:20.415924+00:00","size":0.0032,"side":"buy","price":42458},{"time":"2022-04-09T11:11:24.416671+00:00","size":0.0127,"side":"buy","price":42458},{"time":"2022-04-09T11:11:26.416073+00:00","size":0.0521,"side":"buy","price":42462},{"time":"2022-04-09T11:11:27.722196+00:00","size":0.2,"side":"buy","price":42466},{"time":"2022-04-09T11:11:27.751946+00:00","size":0.0427,"side":"buy","price":42466},{"time":"2022-04-09T11:11:32.562988+00:00","size":0.0044,"side":"buy","price":42467},{"time":"2022-04-09T11:11:32.677423+00:00","size":0.0005,"side":"buy","price":42470},{"time":"2022-04-09T11:11:34.987202+00:00","size":0.4143,"side":"buy","price":42474},{"time":"2022-04-09T11:11:35.069171+00:00","size":0.1929,"side":"buy","price":42475},{"time":"2022-04-09T11:11:35.110399+00:00","size":0.001,"side":"sell","price":42474},{"time":"2022-04-09T11:11:35.216342+00:00","size":0.1071,"side":"buy","price":42475},{"time":"2022-04-09T11:11:35.285575+00:00","size":0.04,"side":"buy","price":42476},{"time":"2022-04-09T11:11:35.377807+00:00","size":0.0023,"side":"buy","price":42479},{"time":"2022-04-09T11:11:41.408627+00:00","size":0.007,"side":"buy","price":42482},{"time":"2022-04-09T11:11:41.459387+00:00","size":0.183,"side":"sell","price":42481},{"time":"2022-04-09T11:11:48.968389+00:00","size":0.0119,"side":"sell","price":42481},{"time":"2022-04-09T11:11:49.693739+00:00","size":0.0191,"side":"buy","price":42482},{"time":"2022-04-09T11:11:54.314465+00:00","size":0.0441,"side":"buy","price":42482},{"time":"2022-04-09T11:11:54.567711+00:00","size":0.2,"side":"buy","price":42484},{"time":"2022-04-09T11:11:54.648036+00:00","size":0.0215,"side":"buy","price":42487},{"time":"2022-04-09T11:11:55.283012+00:00","size":0.0907,"side":"buy","price":42489},{"time":"2022-04-09T11:11:55.808023+00:00","size":1.146,"side":"buy","price":42489},{"time":"2022-04-09T11:11:56.238128+00:00","size":0.6,"side":"buy","price":42489},{"time":"2022-04-09T11:12:00.929080+00:00","size":0.0003,"side":"sell","price":42488},{"time":"2022-04-09T11:12:09.228651+00:00","size":0.0006,"side":"sell","price":42488},{"time":"2022-04-09T11:12:14.388682+00:00","size":0.14,"side":"buy","price":42489},{"time":"2022-04-09T11:12:15.063767+00:00","size":0.25,"side":"sell","price":42488},{"time":"2022-04-09T11:12:15.271126+00:00","size":0.0015,"side":"sell","price":42485},{"time":"2022-04-09T11:12:15.765525+00:00","size":0.01,"side":"sell","price":42484},{"time":"2022-04-09T11:12:15.838072+00:00","size":0.015,"side":"sell","price":42484},{"time":"2022-04-09T11:12:24.891441+00:00","size":0.0007,"side":"sell","price":42476},{"time":"2022-04-09T11:12:25.044089+00:00","size":0.01,"side":"buy","price":42477},{"time":"2022-04-09T11:12:27.043935+00:00","size":0.1158,"side":"buy","price":42486},{"time":"2022-04-09T11:12:28.933200+00:00","size":0.105,"side":"buy","price":42486},{"time":"2022-04-09T11:12:33.438807+00:00","size":0.005,"side":"buy","price":42486},{"time":"2022-04-09T11:12:41.053774+00:00","size":0.0079,"side":"sell","price":42485},{"time":"2022-04-09T11:12:51.627325+00:00","size":0.007,"side":"buy","price":42486},{"time":"2022-04-09T11:12:52.666784+00:00","size":0.2,"side":"sell","price":42488},{"time":"2022-04-09T11:12:52.818281+00:00","size":0.0055,"side":"buy","price":42489},{"time":"2022-04-09T11:12:53.349071+00:00","size":0.2,"side":"sell","price":42488},{"time":"2022-04-09T11:12:54.632864+00:00","size":0.2,"side":"sell","price":42488},{"time":"2022-04-09T11:12:54.754550+00:00","size":0.0033,"side":"sell","price":42488},{"time":"2022-04-09T11:12:54.779759+00:00","size":0.5,"side":"sell","price":42488},{"time":"2022-04-09T11:12:54.855050+00:00","size":0.2,"side":"sell","price":42488},{"time":"2022-04-09T11:12:54.904765+00:00","size":0.318,"side":"sell","price":42488},{"time":"2022-04-09T11:12:55.841380+00:00","size":1.0522,"side":"sell","price":42488},{"time":"2022-04-09T11:12:55.918240+00:00","size":0.0235,"side":"sell","price":42487},{"time":"2022-04-09T11:12:55.946879+00:00","size":0.0127,"side":"sell","price":42485},{"time":"2022-04-09T11:13:03.120188+00:00","size":0.2,"side":"sell","price":42481},{"time":"2022-04-09T11:13:03.235444+00:00","size":0.2,"side":"sell","price":42481},{"time":"2022-04-09T11:13:03.275901+00:00","size":0.2,"side":"sell","price":42481},{"time":"2022-04-09T11:13:03.356154+00:00","size":0.0168,"side":"sell","price":42481},{"time":"2022-04-09T11:13:03.445111+00:00","size":0.025,"side":"sell","price":42477},{"time":"2022-04-09T11:13:05.858116+00:00","size":0.0011,"side":"buy","price":42477},{"time":"2022-04-09T11:13:08.547980+00:00","size":0.0008,"side":"sell","price":42476},{"time":"2022-04-09T11:13:09.187455+00:00","size":0.0011,"side":"buy","price":42477},{"time":"2022-04-09T11:13:17.483307+00:00","size":0.0086,"side":"sell","price":42476},{"time":"2022-04-09T11:13:19.994099+00:00","size":0.007,"side":"buy","price":42477},{"time":"2022-04-09T11:13:27.530470+00:00","size":0.007,"side":"buy","price":42484},{"time":"2022-04-09T11:13:27.786602+00:00","size":0.0122,"side":"buy","price":42488},{"time":"2022-04-09T11:13:28.086409+00:00","size":0.16,"side":"sell","price":42487},{"time":"2022-04-09T11:13:28.237360+00:00","size":0.03,"side":"buy","price":42488},{"time":"2022-04-09T11:13:29.531402+00:00","size":0.0018,"side":"sell","price":42487},{"time":"2022-04-09T11:14:14.061934+00:00","size":0.0011,"side":"buy","price":42482},{"time":"2022-04-09T11:14:15.902782+00:00","size":0.0039,"side":"buy","price":42482},{"time":"2022-04-09T11:14:16.933260+00:00","size":0.094,"side":"sell","price":42481},{"time":"2022-04-09T11:14:17.109175+00:00","size":0.025,"side":"sell","price":42477},{"time":"2022-04-09T11:14:17.150960+00:00","size":0.025,"side":"sell","price":42477},{"time":"2022-04-09T11:14:17.264803+00:00","size":0.1,"side":"sell","price":42474},{"time":"2022-04-09T11:14:30.616915+00:00","size":0.0003,"side":"buy","price":42470},{"time":"2022-04-09T11:14:33.107660+00:00","size":0.1547,"side":"sell","price":42469},{"time":"2022-04-09T11:14:36.471745+00:00","size":0.0067,"side":"buy","price":42470},{"time":"2022-04-09T11:14:38.465110+00:00","size":0.0096,"side":"buy","price":42482},{"time":"2022-04-09T11:14:38.618651+00:00","size":0.0242,"side":"buy","price":42485},{"time":"2022-04-09T11:14:42.498537+00:00","size":0.0674,"side":"sell","price":42486},{"time":"2022-04-09T11:14:45.034409+00:00","size":0.0038,"side":"sell","price":42486},{"time":"2022-04-09T11:14:46.510654+00:00","size":0.025,"side":"sell","price":42482},{"time":"2022-04-09T11:14:47.697866+00:00","size":0.5885,"side":"buy","price":42479},{"time":"2022-04-09T11:14:47.772284+00:00","size":1.8125,"side":"buy","price":42488},{"time":"2022-04-09T11:14:47.858345+00:00","size":1.1907,"side":"buy","price":42489},{"time":"2022-04-09T11:14:47.963519+00:00","size":0.001,"side":"buy","price":42493},{"time":"2022-04-09T11:14:48.280284+00:00","size":0.005,"side":"buy","price":42493},{"time":"2022-04-09T11:14:50.376297+00:00","size":0.568,"side":"sell","price":42492},{"time":"2022-04-09T11:14:50.461413+00:00","size":0.0003,"side":"sell","price":42492},{"time":"2022-04-09T11:14:50.491413+00:00","size":0.1176,"side":"buy","price":42489},{"time":"2022-04-09T11:15:04.883491+00:00","size":0.3,"side":"buy","price":42489},{"time":"2022-04-09T11:15:14.586955+00:00","size":0.007,"side":"buy","price":42491},{"time":"2022-04-09T11:15:15.398015+00:00","size":0.0002,"side":"sell","price":42490},{"time":"2022-04-09T11:15:16.244832+00:00","size":0.0011,"side":"sell","price":42490},{"time":"2022-04-09T11:15:16.570398+00:00","size":0.0121,"side":"sell","price":42490},{"time":"2022-04-09T11:15:16.669135+00:00","size":0.0009,"side":"sell","price":42490},{"time":"2022-04-09T11:15:16.948648+00:00","size":0.0218,"side":"sell","price":42490},{"time":"2022-04-09T11:15:17.048540+00:00","size":0.0016,"side":"sell","price":42490},{"time":"2022-04-09T11:15:19.442643+00:00","size":0.0002,"side":"buy","price":42491},{"time":"2022-04-09T11:15:19.867736+00:00","size":0.001,"side":"sell","price":42490},{"time":"2022-04-09T11:15:21.430282+00:00","size":0.0553,"side":"sell","price":42490},{"time":"2022-04-09T11:15:23.084397+00:00","size":0.001,"side":"sell","price":42490},{"time":"2022-04-09T11:15:33.958345+00:00","size":0.0015,"side":"sell","price":42490},{"time":"2022-04-09T11:15:39.604824+00:00","size":0.1004,"side":"buy","price":42491},{"time":"2022-04-09T11:15:42.159570+00:00","size":0.0189,"side":"buy","price":42491},{"time":"2022-04-09T11:15:44.212983+00:00","size":0.067,"side":"sell","price":42490},{"time":"2022-04-09T11:15:59.330861+00:00","size":0.0002,"side":"buy","price":42491},{"time":"2022-04-09T11:16:01.898840+00:00","size":0.0873,"side":"buy","price":42491},{"time":"2022-04-09T11:16:01.945296+00:00","size":0.13,"side":"buy","price":42491},{"time":"2022-04-09T11:16:02.090314+00:00","size":0.957,"side":"buy","price":42500},{"time":"2022-04-09T11:16:02.235375+00:00","size":0.087,"side":"buy","price":42504},{"time":"2022-04-09T11:16:02.325685+00:00","size":0.1007,"side":"buy","price":42505},{"time":"2022-04-09T11:16:02.377247+00:00","size":0.0311,"side":"buy","price":42505},{"time":"2022-04-09T11:16:02.423772+00:00","size":0.0577,"side":"buy","price":42507},{"time":"2022-04-09T11:16:02.517106+00:00","size":0.1327,"side":"buy","price":42508},{"time":"2022-04-09T11:16:02.638793+00:00","size":0.0776,"side":"buy","price":42509},{"time":"2022-04-09T11:16:02.929421+00:00","size":0.05,"side":"buy","price":42511},{"time":"2022-04-09T11:16:03.246351+00:00","size":0.051,"side":"buy","price":42511},{"time":"2022-04-09T11:16:03.349765+00:00","size":0.0235,"side":"sell","price":42510},{"time":"2022-04-09T11:16:03.406150+00:00","size":0.0945,"side":"sell","price":42510},{"time":"2022-04-09T11:16:03.760921+00:00","size":0.0105,"side":"sell","price":42510},{"time":"2022-04-09T11:16:05.437223+00:00","size":0.354,"side":"sell","price":42510},{"time":"2022-04-09T11:16:05.823339+00:00","size":0.059,"side":"buy","price":42509},{"time":"2022-04-09T11:16:12.235612+00:00","size":0.0001,"side":"buy","price":42507},{"time":"2022-04-09T11:16:17.398587+00:00","size":0.5861,"side":"sell","price":42506},{"time":"2022-04-09T11:16:17.516859+00:00","size":0.1,"side":"sell","price":42504},{"time":"2022-04-09T11:16:17.563100+00:00","size":0.2553,"side":"sell","price":42503},{"time":"2022-04-09T11:16:17.618163+00:00","size":0.1631,"side":"sell","price":42502},{"time":"2022-04-09T11:16:17.664702+00:00","size":0.2,"side":"sell","price":42502},{"time":"2022-04-09T11:16:21.360605+00:00","size":0.025,"side":"sell","price":42494},{"time":"2022-04-09T11:16:22.018256+00:00","size":0.059,"side":"sell","price":42493},{"time":"2022-04-09T11:16:22.098895+00:00","size":0.4868,"side":"sell","price":42492},{"time":"2022-04-09T11:16:25.101808+00:00","size":0.0625,"side":"buy","price":42493},{"time":"2022-04-09T11:16:26.049071+00:00","size":0.3,"side":"buy","price":42499},{"time":"2022-04-09T11:16:28.402770+00:00","size":0.0015,"side":"buy","price":42500},{"time":"2022-04-09T11:16:33.057591+00:00","size":0.16,"side":"sell","price":42499},{"time":"2022-04-09T11:16:33.281570+00:00","size":1.12,"side":"sell","price":42498},{"time":"2022-04-09T11:16:33.359768+00:00","size":0.0158,"side":"sell","price":42497},{"time":"2022-04-09T11:16:33.482345+00:00","size":0.1981,"side":"sell","price":42498},{"time":"2022-04-09T11:16:33.566514+00:00","size":0.025,"side":"sell","price":42495},{"time":"2022-04-09T11:16:33.603471+00:00","size":0.2197,"side":"sell","price":42492},{"time":"2022-04-09T11:16:34.957820+00:00","size":0.0009,"side":"sell","price":42492},{"time":"2022-04-09T11:16:36.377654+00:00","size":0.049,"side":"sell","price":42492},{"time":"2022-04-09T11:16:39.138645+00:00","size":0.1198,"side":"sell","price":42492},{"time":"2022-04-09T11:16:49.160036+00:00","size":0.001,"side":"sell","price":42490},{"time":"2022-04-09T11:16:53.155228+00:00","size":0.0126,"side":"buy","price":42491},{"time":"2022-04-09T11:16:53.240913+00:00","size":0.0001,"side":"buy","price":42491},{"time":"2022-04-09T11:17:01.125004+00:00","size":0.0349,"side":"sell","price":42490},{"time":"2022-04-09T11:17:05.083983+00:00","size":0.0159,"side":"buy","price":42491},{"time":"2022-04-09T11:17:12.393575+00:00","size":0.2,"side":"buy","price":42491},{"time":"2022-04-09T11:17:12.478350+00:00","size":0.163,"side":"buy","price":42493},{"time":"2022-04-09T11:17:12.682144+00:00","size":0.0667,"side":"buy","price":42496},{"time":"2022-04-09T11:17:15.337946+00:00","size":0.3,"side":"buy","price":42500},{"time":"2022-04-09T11:17:17.194358+00:00","size":0.001,"side":"sell","price":42505},{"time":"2022-04-09T11:17:32.607283+00:00","size":0.059,"side":"buy","price":42506},{"time":"2022-04-09T11:17:32.638678+00:00","size":0.0653,"side":"buy","price":42506},{"time":"2022-04-09T11:17:32.678674+00:00","size":0.1728,"side":"buy","price":42506},{"time":"2022-04-09T11:17:33.816490+00:00","size":0.0125,"side":"buy","price":42511},{"time":"2022-04-09T11:17:34.747115+00:00","size":0.0002,"side":"sell","price":42510},{"time":"2022-04-09T11:17:52.534755+00:00","size":0.1749,"side":"buy","price":42511},{"time":"2022-04-09T11:17:52.577896+00:00","size":0.002,"side":"buy","price":42512},{"time":"2022-04-09T11:17:52.661475+00:00","size":0.0882,"side":"buy","price":42514},{"time":"2022-04-09T11:17:52.765960+00:00","size":0.0117,"side":"buy","price":42517},{"time":"2022-04-09T11:17:52.909363+00:00","size":0.1,"side":"buy","price":42518},{"time":"2022-04-09T11:17:52.992347+00:00","size":0.059,"side":"sell","price":42517},{"time":"2022-04-09T11:17:53.064824+00:00","size":0.376,"side":"sell","price":42517},{"time":"2022-04-09T11:17:53.106074+00:00","size":0.3473,"side":"sell","price":42516},{"time":"2022-04-09T11:17:53.206768+00:00","size":0.2294,"side":"sell","price":42513},{"time":"2022-04-09T11:17:53.311775+00:00","size":0.2358,"side":"buy","price":42513},{"time":"2022-04-09T11:17:53.336604+00:00","size":0.3162,"side":"buy","price":42513},{"time":"2022-04-09T11:17:53.467808+00:00","size":0.0119,"side":"buy","price":42513},{"time":"2022-04-09T11:17:54.046926+00:00","size":0.1,"side":"buy","price":42513},{"time":"2022-04-09T11:17:54.101598+00:00","size":0.0481,"side":"buy","price":42513},{"time":"2022-04-09T11:17:54.609538+00:00","size":0.3261,"side":"buy","price":42513},{"time":"2022-04-09T11:17:57.412929+00:00","size":0.059,"side":"buy","price":42516},{"time":"2022-04-09T11:17:57.456900+00:00","size":0.13,"side":"buy","price":42519},{"time":"2022-04-09T11:17:58.189851+00:00","size":0.046,"side":"buy","price":42519},{"time":"2022-04-09T11:17:59.150114+00:00","size":0.021,"side":"buy","price":42520},{"time":"2022-04-09T11:18:00.261199+00:00","size":0.0349,"side":"buy","price":42521},{"time":"2022-04-09T11:18:01.161991+00:00","size":0.0003,"side":"sell","price":42520},{"time":"2022-04-09T11:18:02.246829+00:00","size":0.0055,"side":"sell","price":42520},{"time":"2022-04-09T11:18:02.507192+00:00","size":0.0119,"side":"sell","price":42520},{"time":"2022-04-09T11:18:04.256266+00:00","size":0.1219,"side":"buy","price":42516},{"time":"2022-04-09T11:18:07.509280+00:00","size":0.047,"side":"buy","price":42516},{"time":"2022-04-09T11:18:10.214800+00:00","size":0.0011,"side":"sell","price":42515},{"time":"2022-04-09T11:18:13.193322+00:00","size":0.3,"side":"buy","price":42516},{"time":"2022-04-09T11:18:14.098819+00:00","size":0.0004,"side":"buy","price":42521},{"time":"2022-04-09T11:18:16.542414+00:00","size":0.0011,"side":"buy","price":42521},{"time":"2022-04-09T11:18:16.728070+00:00","size":2,"side":"sell","price":42520},{"time":"2022-04-09T11:18:19.495225+00:00","size":0.0071,"side":"sell","price":42520},{"time":"2022-04-09T11:18:20.019538+00:00","size":0.1312,"side":"sell","price":42520},{"time":"2022-04-09T11:18:23.963104+00:00","size":0.0158,"side":"buy","price":42521},{"time":"2022-04-09T11:18:29.958344+00:00","size":0.0117,"side":"buy","price":42521},{"time":"2022-04-09T11:18:30.310059+00:00","size":0.005,"side":"sell","price":42524},{"time":"2022-04-09T11:18:32.065100+00:00","size":0.052,"side":"buy","price":42525},{"time":"2022-04-09T11:18:36.218304+00:00","size":0.0149,"side":"buy","price":42525},{"time":"2022-04-09T11:18:36.344753+00:00","size":0.0331,"side":"buy","price":42525},{"time":"2022-04-09T11:18:41.138592+00:00","size":0.0012,"side":"sell","price":42524},{"time":"2022-04-09T11:18:45.734034+00:00","size":0.0099,"side":"buy","price":42525},{"time":"2022-04-09T11:18:46.088655+00:00","size":0.0005,"side":"sell","price":42524},{"time":"2022-04-09T11:18:50.683224+00:00","size":0.0005,"side":"sell","price":42524},{"time":"2022-04-09T11:18:54.032192+00:00","size":0.162,"side":"buy","price":42525},{"time":"2022-04-09T11:19:00.833886+00:00","size":0.0012,"side":"sell","price":42524},{"time":"2022-04-09T11:19:14.408189+00:00","size":0.001,"side":"buy","price":42525},{"time":"2022-04-09T11:19:16.622295+00:00","size":0.007,"side":"sell","price":42524},{"time":"2022-04-09T11:19:21.686038+00:00","size":0.0003,"side":"buy","price":42525},{"time":"2022-04-09T11:19:22.288011+00:00","size":0.0013,"side":"sell","price":42524},{"time":"2022-04-09T11:19:27.166884+00:00","size":0.047,"side":"sell","price":42524},{"time":"2022-04-09T11:19:29.837208+00:00","size":0.03,"side":"sell","price":42524},{"time":"2022-04-09T11:34:50.202886+00:00","size":0.0279,"side":"sell","price":42477},{"time":"2022-04-09T11:35:02.667904+00:00","size":0.0224,"side":"buy","price":42478},{"time":"2022-04-09T11:35:03.572652+00:00","size":0.0588,"side":"sell","price":42477},{"time":"2022-04-09T11:40:17.130000+00:00","size":0.0066,"side":"buy","price":42446},{"time":"2022-04-09T11:40:17.168276+00:00","size":0.2789,"side":"buy","price":42446},{"time":"2022-04-09T11:40:17.223201+00:00","size":8.1707,"side":"buy","price":42450},{"time":"2022-04-09T11:40:17.257999+00:00","size":0.0235,"side":"buy","price":42450},{"time":"2022-04-09T11:40:17.303463+00:00","size":1.8779,"side":"buy","price":42450},{"time":"2022-04-09T11:40:17.431547+00:00","size":0.0658,"side":"buy","price":42452},{"time":"2022-04-09T11:40:17.481140+00:00","size":0.1226,"side":"buy","price":42454},{"time":"2022-04-09T11:40:17.624093+00:00","size":0.007,"side":"buy","price":42455},{"time":"2022-04-09T11:40:27.190800+00:00","size":0.005,"side":"buy","price":42459},{"time":"2022-04-09T11:40:31.703117+00:00","size":0.0465,"side":"buy","price":42459},{"time":"2022-04-09T11:40:35.921930+00:00","size":0.01,"side":"buy","price":42470},{"time":"2022-04-09T11:40:45.591625+00:00","size":0.03,"side":"buy","price":42470},{"time":"2022-04-09T11:44:52.409915+00:00","size":0.0015,"side":"sell","price":42479},{"time":"2022-04-09T11:45:05.332144+00:00","size":0.1,"side":"buy","price":42476},{"time":"2022-04-09T11:45:15.709636+00:00","size":0.0002,"side":"buy","price":42476},{"time":"2022-04-09T11:45:20.317988+00:00","size":0.0002,"side":"sell","price":42475},{"time":"2022-04-09T11:45:20.955576+00:00","size":0.0008,"side":"sell","price":42475},{"time":"2022-04-09T11:45:21.224587+00:00","size":0.0058,"side":"sell","price":42474},{"time":"2022-04-09T11:45:21.476794+00:00","size":0.1,"side":"sell","price":42473},{"time":"2022-04-09T11:45:21.636285+00:00","size":0.025,"side":"sell","price":42471},{"time":"2022-04-09T11:45:22.418660+00:00","size":0.1,"side":"sell","price":42467},{"time":"2022-04-09T11:45:22.497318+00:00","size":1.0639,"side":"sell","price":42467},{"time":"2022-04-09T11:45:22.530238+00:00","size":0.7705,"side":"sell","price":42466},{"time":"2022-04-09T11:45:22.619744+00:00","size":0.1225,"side":"sell","price":42464},{"time":"2022-04-09T11:45:22.853022+00:00","size":0.03,"side":"sell","price":42462},